@book{larson2013estatistica,
  author    = {Larson, R. and Faber, T.},
  title     = {Estatística Aplicada},
  edition   = {5},
  year      = {2013},
  publisher = {Pearson},
  address   = {São Paulo}
}
